@article{yourstone2008classroom,
  title={Classroom questioning with immediate electronic response: Do clickers improve learning?},
  author={Yourstone, Steven A and Kraye, Howard S and Albaum, Gerald},
  journal={Decision Sciences Journal of Innovative Education},
  volume={6},
  number={1},
  pages={75--88},
  year={2008},
  publisher={Wiley Online Library}
}

@article{siau2006use,
  title={Use of a classroom response system to enhance classroom interactivity},
  author={Siau, Keng and Sheng, Hong and Nah, Fiona Fui-Hoon},
  journal={Education, IEEE Transactions on},
  volume={49},
  number={3},
  pages={398--403},
  year={2006},
  publisher={IEEE}
}

@article{stowell2015use,
  title={Use of clickers vs. mobile devices for classroom polling},
  author={Stowell, Jeffrey R},
  journal={Computers \& Education},
  volume={82},
  pages={329--334},
  year={2015},
  publisher={Elsevier}
}

@article{moredich2007engaging,
  title={Engaging students through the use of classroom response systems},
  author={Moredich, Cheryl and Moore, Ellen},
  journal={Nurse Educator},
  volume={32},
  number={3},
  pages={113--116},
  year={2007},
  publisher={LWW}
}

@article{draper2004increasing,
  title={Increasing interactivity in lectures using an electronic voting system},
  author={Draper, Stephen W and Brown, Margaret I},
  journal={Journal of computer assisted learning},
  volume={20},
  number={2},
  pages={81--94},
  year={2004},
  publisher={Wiley Online Library}
}

@article{lantz2014effectiveness,
  title={Effectiveness of clickers: Effect of feedback and the timing of questions on learning},
  author={Lantz, Michael E and Stawiski, Angela},
  journal={Computers in Human Behavior},
  volume={31},
  pages={280--286},
  year={2014},
  publisher={Elsevier}
}

